
@article{Shannon-1948,
	Author = {C. E. Shannon},
	Title = {A mathematical theory of communication},
	Journal = {{The Bell System Technical Journal}},
	Volume = {27},
	Number = {3},
	Month = jul,
	Pages = {379-423},
	Year = {1948}
	}
	
